@incollection{Mohri,
year={2005},
isbn={978-3-540-29243-2},
booktitle={Machine Learning: ECML 2005},
volume={3720},
series={Lecture Notes in Computer Science},
editor={Gama, Jo√£o and Camacho, Rui and Brazdil, PavelB. and Jorge, Al√≠pioM√°rio and Torgo, Lu√≠s},
doi={10.1007/11564096_42},
title={Multi-armed Bandit Algorithms and Empirical Evaluation},
url={http://dx.doi.org/10.1007/11564096_42},
publisher={Springer Berlin Heidelberg},
author={Vermorel, Joann√®s and Mohri, Mehryar},
pages={437-448}
}

@inproceedings{Radlinski,
 author = {Radlinski, Filip and Kleinberg, Robert and Joachims, Thorsten},
 title = {Learning diverse rankings with multi-armed bandits},
 booktitle = {Proceedings of the 25th international conference on Machine learning},
 series = {ICML '08},
 year = {2008},
 isbn = {978-1-60558-205-4},
 location = {Helsinki, Finland},
 pages = {784--791},
 numpages = {8},
 url = {http://doi.acm.org/10.1145/1390156.1390255},
 doi = {10.1145/1390156.1390255},
 acmid = {1390255},
 publisher = {ACM},
 address = {New York, NY, USA},
} 

@article{Kuleshov,
  title={Algorithms for the multi-armed bandit problem},
  author={Kuleshov, Volodymyr and Precup, Doina},
  journal={Journal of Machine Learning},
  year={2010}
}

@inproceedings{Chakrabarti,
  title={Mortal multi-armed bandits},
  author={Chakrabarti, Deepayan and Kumar, Ravi and Radlinski, Filip and Upfal, Eli},
  booktitle={Neural Information Processing Systems},
  pages={273--280},
  year={2008}
}